@article{secp256k1:openCLimplementationHanh0,
author="Author: \url{https://github.com/hhanh00}",
title="\url{https://github.com/hhanh00/secp256k1-cl} (Project SECP256K1-CL)",
year="2014" 
}

@article{Wuille:secp256k1,
author="Pieter Wuille and contributors",
title="libsecp256k1 \url{https://github.com/sipa/secp256k1}",
year="2015" 
}
